 @book{stallings2000, 
 	place={Tamil Nadu, India},
	title={Data and Computer Communications},
 	publisher={Prentice India Education},
  	author={Stallings, William},
   	year={2000}
  } 
 
@book{tanenbaumwetherall2014,
	 title={Computer Networks},
	 publisher={Pearson India Education Services Pvt,Limited},
  	 author={Tanenbaum, Andrew S. and Wetherall, D.},
    year={2014}
    } 

 @misc{teleradio_2020,
	title={Bandas de Radio Frecuencia utilizadas en Todo El Mundo},
	url={https://www.tele-radio.com/la/bandas-de-radio-frecuencia-utilizadas-en-todo-el-mundo/},
 	journal={Tele Radio},
  	year={2020}, 
	month={Aug}
} 